<?xml version="1.0" encoding="UTF-8"?><collection xmlns="http://www.loc.gov/MARC21/slim"><record><leader>00519nam--2200181-i-4500</leader><controlfield tag="001">000037019</controlfield><controlfield tag="002">20161230</controlfield><controlfield tag="005">20161230201041</controlfield><controlfield tag="008">060222s1000------------r-----000-0-fre-d</controlfield><datafield ind1=" " ind2=" " tag="040"><subfield code="a">IFIN-HH</subfield></datafield><datafield ind1=" " ind2=" " tag="041"><subfield code="a">fre</subfield></datafield><datafield ind1=" " ind2=" " tag="080"><subfield code="a">538.958(043)</subfield></datafield><datafield ind1="1" ind2=" " tag="100"><subfield code="a">Priol, Marcel</subfield></datafield><datafield ind1="1" ind2="0" tag="245"><subfield code="a">Contribution a l`etude des proprietes optiques de quelques metaux dans l`ultraviolet lointain</subfield><subfield code="b">These</subfield><subfield code="c">Marcel priol</subfield></datafield><datafield ind1=" " ind2=" " tag="260"><subfield code="a">Rennes</subfield><subfield code="b">Universite De Rennes</subfield><subfield code="c">1971</subfield></datafield><datafield ind1=" " ind2=" " tag="300"><subfield code="a">95p</subfield></datafield><datafield ind1=" " ind2=" " tag="852"><subfield code="a">77118</subfield><subfield code="c">535</subfield></datafield><datafield ind1=" " ind2=" " tag="CAT"><subfield code="a">Sys</subfield><subfield code="c">20110126</subfield><subfield code="h">141419</subfield></datafield></record></collection>